%% This BibTeX bibliography file in UTF-8 format was created using Papers.
%% http://mekentosj.com/papers/

@article{Feygin2002,
author = {D Feygin and M Keehner and F Tendick}, 
journal = {Proceedings of the 10th symposium on haptic interfaces for virtual environment and teleoperator systems},
title = {Haptic guidance: Experimental evaluation of a haptic training method for a perceptual motor skill},
pages = {40},
volume = {1},
year = {2002},
date-added = {2010-09-20 20:38:28 -0400},
date-modified = {2010-09-20 20:39:32 -0400},
pmid = {17511625832163242477related:7fGk7enKBfMJ},
local-url = {file://localhost/Users/Colin/Documents/Papers/2002/Feygin/Proceedings%20of%20the%2010th%20symposium%20on%20haptic%20interfaces%20for%20virtual%20environment%20and%20teleoperator%20systems%202002%20Feygin.pdf},
uri = {papers://D2AD7E78-5A91-4899-8A76-29DE3DF75E03/Paper/p6},
rating = {0}
}

@article{GoodrichDriving,
author = {MA Goodrich and M Quigley}, 
journal = {2004 IEEE International Conference on Systems, Man and Cybernetics},
title = {Learning haptic feedback for guiding driver behavior},
pages = {2507--2512},
year = {2004},
date-added = {2010-09-19 15:18:53 -0400},
date-modified = {2010-09-20 20:26:24 -0400},
pmid = {3925169497718839698related:ktm6mtwAeTYJ},
local-url = {file://localhost/Users/Colin/Documents/Papers/2004/Goodrich/2004%20IEEE%20International%20Conference%20on%20Systems%20Man%20and%20Cybernetics%202004%20Goodrich.pdf},
uri = {papers://D2AD7E78-5A91-4899-8A76-29DE3DF75E03/Paper/p1},
read = {Yes},
rating = {0}
}

@article{HowardLearning,
author = {C Park and J Yoo and A Howard}, 
journal = {Internation Conference on Robotics and Automation},
title = {Transfer of skills between human operators through haptic training with robot coordination},
abstract = {In this paper, we discuss a coordinated haptic training architecture useful for transferring expertise in teleoperation-based manipulation between two human users. The objective is to construct a reality-based haptic interaction system for knowledge transfer by linking an expert's skill },
year = {2010},
month = {Jan},
date-added = {2010-09-19 15:18:53 -0400},
date-modified = {2010-09-20 20:26:07 -0400},
URL = {http://ieeexplore.ieee.org/xpls/abs_all.jsp?arnumber=5509160},
local-url = {file://localhost/Users/Colin/Documents/Papers/2010/Park/Internation%20Conference%20on%20Robotics%20and%20Automation%202010%20Park.pdf},
uri = {papers://D2AD7E78-5A91-4899-8A76-29DE3DF75E03/Paper/p3},
read = {Yes},
rating = {5}
}

@article{Liu2006,
author = {J Liu and SC Cramer and DJ Reinkensmeyer}, 
journal = {Journal of neuroengineering and rehabilitation},
title = {Learning to perform a new movement with robotic assistance: comparison of haptic guidance and visual demonstration},
number = {1},
pages = {20},
volume = {3},
year = {2006},
date-added = {2010-09-20 20:38:29 -0400},
date-modified = {2010-09-20 20:39:43 -0400},
pmid = {6061579517906580587related:a_SatnQOH1QJ},
local-url = {file://localhost/Users/Colin/Documents/Papers/2006/Liu/Journal%20of%20neuroengineering%20and%20rehabilitation%202006%20Liu.pdf},
uri = {papers://D2AD7E78-5A91-4899-8A76-29DE3DF75E03/Paper/p5},
rating = {0}
}

@article{MayerKnots,
author = {H Mayer and F Gomez and D Wierstra and I Nagy and A Knoll and J Schmidhuber}, 
journal = {2006 IEEE/RSJ International Conference on Intelligent Robots and Systems},
title = {A system for robotic heart surgery that learns to tie knots using recurrent neural networks},
annote = {Long Short Term Memory (LSTM) 
Recurrent Neural Networks (RNN)},
pages = {543--548},
year = {2006},
date-added = {2010-09-19 15:18:53 -0400},
date-modified = {2010-09-20 20:26:46 -0400},
pmid = {18171968034265392225related:YWQk4KXML_wJ},
local-url = {file://localhost/Users/Colin/Documents/Papers/2006/Mayer/2006%20IEEERSJ%20International%20Conference%20on%20Intelligent%20Robots%20and%20Systems%202006%20Mayer.pdf},
uri = {papers://D2AD7E78-5A91-4899-8A76-29DE3DF75E03/Paper/p4},
read = {Yes},
rating = {0}
}

@article{Sewell:2007p2,
author = {C Sewell and NH Blevins and S Peddamatham and HZ Tan}, 
journal = {EuroHaptics Conference, 2007 and Symposium on Haptic Interfaces for Virtual Environment and Teleoperator Systems. World Haptics 2007. Second Joint},
title = {The effect of virtual haptic training on real surgical drilling proficiency},
pages = {601--603},
year = {2007},
date-added = {2010-09-19 15:18:53 -0400},
date-modified = {2010-09-19 15:26:01 -0400},
pmid = {1027210140287955069related:ffCKIS5iQQ4J},
local-url = {file://localhost/Users/Colin/Documents/Papers/2007/Sewell/EuroHaptics%20Conference%202007%20and%20Symposium%20on%20Haptic%20Interfaces%20for%20Virtual%20Environment%20and%20Teleoperator%20Systems.%20World%20Haptics%202007.%20Second%20Joint%202007%20Sewell.pdf},
uri = {papers://D2AD7E78-5A91-4899-8A76-29DE3DF75E03/Paper/p2},
rating = {0}
}

